% Encoding: UTF-8
@book{Knuth1998,
 author = {Knuth, Donald E.},
 title = {The art of computer programming,  volume 3: (2nd ed.) sorting and searching},
 year = {1998},
 publisher = {Addison Wesley Longman Publishing Co., Inc.},
 address = {Redwood City, CA, USA}
}

@book{Pollefliet2011,
  author = {Pollefliet, Leen},
  title = {Schrijven van verslag tot eindwerk: do's en don'ts},
  year = {2011},
  publisher = {Academia Press},
  address = {Gent}
}

@article{Creeger2009,
  author = {Creeger, Mache},
  journal = {Communications of the ACM},
  number = {8},
  pages = {50--56},
  title = {{CTO Roundtable: Cloud Computing}},
  volume = {52},
  year = {2009}
}

@Online{Manjaly2022,
  author    = {Manjaly},
  title     = {What is Ansible: The DevOps Tool to Automate IT Tasks},
  date      = {2022-08-16},
  url       = {https://blog.invgate.com/ansible},
  urldate   = {2023-12-13},
}

@Online{Graf2022,
  author    = {Graf},
  title     = {What is Amazon Lightsail and Who is it for?},
  date      = {2022-10-7},
  url       = {https://dev.to/aws/what-is-amazon-lightsail-and-who-is-it-for-4bh3},
  urldate   = {2023-12-13},
}

@Online{Borovšak2021,
  author    = {Borovšak},
  title     = {Why Cloud Automation with Ansible is The Future},
  date      = {2021-2-18},
  url       = {https://steampunk.si/blog/why-cloud-automation-with-ansible-is-the-future/#},
  urldate   = {2023-12-13},
}

@BOOK{Sesto2022,
  title = {Practical Ansible},
  publisher = {Vincent Sesto},
  year = {2022},
  author = {Vincent Sesto},
  owner = {Vincent Sesto},
  timestamp = {2023-12-13}
}

@BOOK{Achar2021,
  title = {Enterprise SaaS Workloads on New-Generation Infrastructure-as-Code (IaC) on Multi-Cloud Platforms},
  publisher = {Sandesh Achar},
  year = {2021},
  author = {Sandesh Achar},
  owner = {Sandesh Achar},
  timestamp = {2021-07-20}
}

@article{Battistello2021,
title = {Implementation of product information management systems: Identifying the challenges of the scoping phase},
journal = {Computers in Industry},
volume = {133},
pages = {103533},
year = {2021},
issn = {0166-3615},
doi = {https://doi.org/10.1016/j.compind.2021.103533},
url = {https://www.sciencedirect.com/science/article/pii/S0166361521001408},
author = {Loris Battistello and Anders Haug and Nikola Suzic and Lars Hvam}
}

@article{Matos2022,
title = {Use of Ontologies in Product Information Management: A Proposal for a Multinational Engineering and Technology Company},
journal = {Procedia Computer Science},
volume = {204},
pages = {599-609},
year = {2022},
note = {International Conference on Industry Sciences and Computer Science Innovation},
issn = {1877-0509},
doi = {https://doi.org/10.1016/j.procs.2022.08.073},
url = {https://www.sciencedirect.com/science/article/pii/S1877050922008110},
author = {Alexandra Isabel Matos and Fernando Paulo Belfo}
}

@BOOK{Abraham2014,
  title = {Product Information Management
  Theory and Practice},
  publisher = {Jorij Abraham},
  year = {2014},
  author = {Jorij Abraham},
  owner = {Jorij Abraham},
  timestamp = {2014-05-05}
}

@misc{Derpunkt2021,
author = {Derpunkt2021},
    title = {Product Information Management},
    year = {2021},
    howpublished = {pim-auswahl.de/en/what-is-pim/}
}

@Comment{jabref-meta: databaseType:biblatex;}
