% Encoding: UTF-8

@Online{Manjaly2022,
  author    = {Manjaly},
  title     = {What is Ansible: The DevOps Tool to Automate IT Tasks},
  date      = {2022-08-16},
  url       = {https://blog.invgate.com/ansible},
  urldate   = {2023-12-13},
}

@Online{Graf2022,
  author    = {Graf},
  title     = {What is Amazon Lightsail and Who is it for?},
  date      = {2022-10-7},
  url       = {https://dev.to/aws/what-is-amazon-lightsail-and-who-is-it-for-4bh3},
  urldate   = {2023-12-13},
}

@Online{Borovšak2021,
  author    = {Borovšak},
  title     = {Why Cloud Automation with Ansible is The Future},
  date      = {2021-2-18},
  url       = {https://steampunk.si/blog/why-cloud-automation-with-ansible-is-the-future/#},
  urldate   = {2023-12-13},
}

@BOOK{Sesto2022,
  title = {Practical Ansible},
  publisher = {Vincent Sesto},
  year = {2022},
  author = {Vincent Sesto},
  owner = {Vincent Sesto},
  timestamp = {2023-12-13}
}

@Comment{jabref-meta: databaseType:biblatex;}